
%\section*{1. Publicaties}
%\subsection*{I) Artikels in internationale gereviewde tijdschriften:}
%\subsection*{II) Artikels in andere wetenschappelijke tijdschriften}
%\subsection*{III) Mededelingen op internationale congressen en symposia}
%\subsubsection*{a) integraal gepubliceerd in proceedings}
%\subsubsection*{b) niet gepubliceerd of slechts beschikbaar als abstract}
%\subsection*{IV) Mededelingen op nationale congressen en lokale %bijeenkomsten}
%\subsubsection*{a) integraal gepubliceerd in proceedings}
%\subsubsection*{b) niet gepubliceerd of slechts beschikbaar als abstract}
%\subsection*{V) Interne Rapporten}
%\subsection*{VI) Thesissen}
%\subsection*{VII) Boeken}
%\subsubsection*{a) als auteur}
%\subsubsection*{b) als auteur van gedeelte of artikel}
%\subsubsection*{c) als editor}

%%%%%%%%%%%%%%%%%%%%%%%
%%%%1981
@article{article:Leman:81,
author={M. Leman},
title={Production and recognition of a new kind of speech in
avant-garde music},
journal={Communication and Cognition},
volume={12},
pages={213-226},
year={1981}}


%%%%%%%%%%%%%%%%%%%%%%%
%%%%1984
@article{article:Leman:84,
author={M. Leman},
title={On the logic and criteriology of causality},
journal={Logique et Analyse},
volume={27},
_number={107},
page={245-226},
year={1984}}

%%%%%%%%%%%%%%%%
%%%%%1885

@article{article:Leman:85,
author = {M.\/ Leman},
year = {1985},
title = {Dynamical-hierarchical networks as perceptual memory representations of music},
journal = {Interface - Journal of New Music Research},
volume = {14},
number = {3-4},
pages = {125-164}}

%%%%%%%%%%%
%%%%1986


@article{article:Leman:86a,
author = {M.\/ Leman},
year = {1986},
title = {A process model for musical listening based on DH--networks},
journal = {CC-AI},
volume = {3},
number = {3},
pages = {225-239}}


@article{article:LemanLogic:86,
author={M. Leman},
title={The use of logic as a design tool in
cognitive musicology},
journal={Logique et Analyse},
volume={116},
pages={496-499},
year={1986}}


@article{article:Leman:86b,
author = {M.\/ Leman},
year = {1986},
title = {Using dynamical dialectical logics for an
account of default reasoning in musical listening},
journal = {CC-AI},
volume = {3},
number = {1-2},
pages = {121-131},
note={ISSN 0773-4182}}


%%%%%%%%%%%%%%%%%%%%%%
%%%%%1987





%%%%%%%%%%%%%%%
%%%%%1988


@inproceedings{Leman:88,
author = {M.\/ Leman},
year = {1988},
title = {Sequential (musical) information processing with PDP-networks},
editor = {Balaban et al.\/ },
booktitle = {Proceedings of the first workshop on artificial intelligence and music},
address = {Minneapolis/St.\/ Paul},
publisher = {AAAI-88}}




%%%%%%%%%%%%%%%%%%%%%%%
%%%%1989


@article{Leman:89, author = {M.\/ Leman}, year = {1989}, title =
{Symbolic and subsymbolic information processing in models of
musical communication and cognition}, journal = {Interface --
Journal of New Music Research}, volume = {18}, pages = {141--160}}
%number = {1-2},



@misc{Leman:89a,
author = {M.\/ Leman},
year = {1989},
title = {Models of musical communication and cognition},
note ={Special issue of: Interface - Journal of New Music Research},
howpublished = {Published by Swets and Zeitlinger}
}

@article{Leman:89b,
author = {M.\/ Leman},
year = {1989},
title = {Introduction to models of musical communication and cognition},
journal = {Interface - Journal of New Music Research},
volume = {18},
number = {1-2},
pages = {3-7}}

@incollection{Leman:89c,
author = {M.\/ Leman},
year = {1989},
title = {Dynamique adaptive de l'\'ecoute musicale},
editor = {S.\/ McAdams and I.\/ Deli\`ege},
booktitle = {La musique et les sciences cognitives},
publisher = {Pierre Mardaga},
address = {Bruxelles}}

@article{Leman:89d,
author = {M.\/ Leman},
year = {1989},
title = {Symbolic and subsymbolic information
processing in models of musical communication and cognition},
journal = {Interface - Journal of New Music Research},
volume = {18},
number = {1-2},
pages = {141-160}}

@inproceedings{Leman:89e,
author = {M.\/ Leman and P.\/ Van Renterghem},
year = {1989},
title = {Transputer implementation of the {K}ohonen feature map for a music recognition task},
booktitle = {Proceedings of the Second International Transputer Conference: Transputers for Industrial Applications II},
address = {Antwerpen},
publisher = {BIRA,
Belgian Institute for Automatic Control}}

%%%%%%%%%%%%%%%%%%%%%
%%%%1990

@article{Leman:90a, author = {M. Leman}, year = {1990}, title =
{Emergent properties of tonality functions by self-organization},
journal = {Interface -- Journal of New Music Research}, volume =
{19}, pages = {85--106}} %number = {2-3},

@inproceedings{Leman:90b,
author = {M.\/ Leman},
year = {1990},
title = {Some Epistemological Considerations on Symbolic and Subsymbolic Processing},
editor = {B.\/ Bel and B.\/ Vecchione},
booktitle = {Pre-Proceedings of the Second InternationalConference on Musical Structures and Information Technology -Analysis and Composition},
address = {Marseille},
publisher = {MIM}}


%%%%%%%%%%%%%%%%%%%%%
%%%%1991

@phdthesis{phdthesis:Leman:1991,
author = {M. Leman},
year = {1991},
title = {Een model van toonsemantiek: naar een theorie en discipline van de muzikale verbeelding},
address = {Gent},
school = {Ghent University}}

@inproceedings{Leman:91b,
author = {M.\/ Leman},
year = {1991},
title = {Tone context and the complex dynamics of tone semantics},
editor = {B.\/ Enders},
booktitle = {Proceedings of the KlangArt Kongress 1991},
publisher = {Schott's Sohne},
address = {Mains}}

@incollection{Leman:91, author = {M. Leman}, year = {1991}, title
= {The ontogenesis of tonal semantics: Results of a computer
study}, editor = {P. Todd and G. Loy}, booktitle = {Music and
Connectionism}, publisher = {The MIT Press}, address = {Cambridge,
MA}}


@inproceedings{Leman:91e,
author = {M.\/ Leman},
year = {1991},
title = {Tonal context by pattern-integration over time},
editor = {A.\/ Camurri},
booktitle = {Proceedings of the IX Colloquio di Informatica Musicale},
address = {Genova},
publisher = {AIMI, DIST}}


@incollection{Leman:91c,
author = {M.\/ Leman},
year = {1991},
title = {K\"unstliche {N}euronale {N}etzwerke: {N}eue {A}ns\"atze zur ganzheitlichen {I}nformations-verarbeitung in der {M}usikforschung},
editor = {H.\/ Schaffrath},
booktitle = {Computer in der Musik},
address = {Stuttgart},
publisher = {J.\/ B.\/ Metzler}}

@incollection{Leman:92a,
author = {M.\/ Leman},
year = {1992},
title = {Artificial neural networks in music research},
editor = {A.\/ Marsden and A.\/ Pople},
booktitle = {Computer representations and models in music},
publisher = {Academic Press},
address = {London}}














%%%%%%%%%%%%%%%%%%%%%%
%%%%1992


@incollection{Leman:92, author={M. Leman}, year={1992},
title={Artificial Neural Networks in Music Research}, editor={A.
Marsden and A. Pople}, booktitle={Computer Representations and
Models in Music}, publisher={Academic Press}, address={London}} 17


@article{Leman:92,author={M. Leman}, year={1992}, title={The
Theory of Tone Semantics: Concepts, Foundations and Applications},
journal={Minds and Machines}, volume={2}, _number={4},
pages={345-363}, _note={(ISSN 0924-6495)}}


%%%%%%%%%%%%%%%%%%%%%%%%%%% %%%%1993

@incollection{leman:93s, author={M. Leman}, year={1993},
title={Symbolic and Subsymbolic Description of Music}, editor={G.
Haus}, booktitle={Music Processing}, address={Madison, WI},
publisher={A-R Editions}, pages={118--164}}



@incollection{Leman:93b, author = {M.\/ Leman}, year = {1993},
title = {Symbolic and Subsymbolic Description of Music}, editor =
{G.\/ Haus}, booktitle = {Music Processing}, address = {Madison,
WI}, publisher = {Oxford University Press, A-R Editions}} 13


@incollection{Leman:93e, author = {M.\/ Leman}, year = {1993},
title = {Symbolic and Subsymbolic Description of Music}, editor =
{G.\/ Haus}, booktitle = {Music Processing}, address = {Madison,
WI}, publisher = {Oxford University Press, A-R Editions}}

@article{Leman:93, author={M. Leman}, year={1989}, title={Symbolic
and subsymbolic Information Processing in Models of Musical
Communication and Cognition}, journal={Interface -- Journal of New
Music Research}, volume={18}, pages={141--160}} %number={1}, 12

%%%%%%%%%%%%%%%%%%%%%%%%%%%%%%% %%%%1994



@article{Leman:94, author={M. Leman}, year={1994},
title={Schema-based tone center recognition of musical signals},
journal={Journal of New Music Research}, volume={23},
pages={169--204}, number={2}}

@book{Lemaned:94a, editor = {M.\/ Leman}, year = {1994}, title =
{Auditory models in music research.\/ {P}art {I}}, address =
{Lisse, The Netherlands}, note={Special issue of {Journal of New
Music Research}}, publisher={Swets \& Zeitlinger}}

@book{Lemaned:94b, editor = {M.\/ Leman}, year = {1994}, title =
{Auditory models in music research.\/ {P}art {II}}, address =
{Lisse, The Netherlands}, note={Special issue of {Journal of New
Music Research}}, publisher={Swets \& Zeitlinger}}

%%%%%%%%%%%%%%%%%%%%%%%%%%%%%% %%%%1995


@book{book:Leman:1995, author = {M. Leman}, year = {1995}, title =
"Music and Schema Theory: Cognitive Foundations of Systematic
Musicology", publisher = {Springer-Verlag}, address = {Berlin,
Heidelberg}}

@article{article:MusicPerception:Leman:1995, year=1995, author={M. Leman},
title={A Model of Retroactive Tone Center Perception},
journal={Music Perception}, volume={12}, _number={4},
pages={439-471}}


%%%%%%%%%%%%%%%%%%%%%%%%%%%%%%%% %%%%1996

@article{Leman:96a, author = {M. Leman}, year = {1996}, title =
{Tussen de oren: hersenmuziek}, journal = {Natuur en Techniek},
volume = {64}, number = {8}, pages={30-41}}

@incollection{CarrerasLeman:96a, year=1996, author={F. Carreras
and M. Leman}, title={Distributed Parallel Architectures for the
Simulation of Cognitive Models in a Realistic Environment},
editor={E.H. D'Hollander and G.R. Joubert and F.J. Peters and D.
Trystram}, booktitle={Parallel Computing: State-of-the Art
Perspective}, publisher={Elsevier}, pages={585-588},
address={Amsterdam}, note={ISBN 0 444 82490 1}}


@inproceedings{LemanCarreras:96b, author={M. Leman and F.
Carreras}, year=1996, title={The Self-Organization of Stable
Perceptual Maps in a Realistic Musical Environment},
booktitle={{Proceedings of the Journ\'ees d'Informatique Musicale
1996}}, editor={G. Assayah}, publisher={Univ. de Caen -- IRCAM,
Les Cahiers du GREYC No. 4}, pages={156-169}, address={Caen}}

@inproceedings{LemanCarreras:96c, author={M. Leman and F.
Carreras}, year=1996, title={Schema and {G}estalt: Explorations of
Perceptual Learning}, booktitle={{Proceedings of JIC96-Brugge,
Joint International Conference: IV. International Symposium on
Systematic and Comparative Musicology, and II. International
Conference on Cognitive Musicology, College of Europe at Brugge,
Belgium, 8-11 sept. 1996}}, editor={M. Leman}, publisher={IPEM --
Ghent University}, pages={44-51}, address={Ghent}}

@inproceedings{CamurriLemanPalmieri:96, author={A. Camurri and M.
Leman and G. Palmieri}, year=1996, title={{G}estalt-based
Composition and Performance in Multimodal Environments},
booktitle={{Proceedings of JIC96-Brugge, Joint International
Conference: IV. International Symposium on Systematic and
Comparative Musicology, and II. International Conference on
Cognitive Musicology, College of Europe at Brugge, Belgium, 8-11
sept. 1996}}, editor={M. Leman}, publisher={IPEM -- Ghent University}, pages={23-30}, address={Ghent}}

@inproceedings{Leman:96b, author={M. Leman}, year=1996, title={The
{NFWO} Research Society on Foundations of Music Rsearch},
booktitle={{Proceedings of the First Meeting of the NFWO Research
Society on Foundations of Music Research}}, editor={M. Leman},
publisher={IPEM -- Ghent University}, pages={1-2},
address={Ghent}}

@inproceedings{Leman:96c, author={M. Leman}, year=1996, title={The
Convergence Paradigm in Music Research}, booktitle={{Proceedings
of the First Meeting of the NFWO Research Society on Foundations
of Music Research}}, editor={M. Leman}, publisher={IPEM --
Ghent University}, pages={3-18}, address={Ghent}}

@inproceedings{Leman:96d, author={M. Leman}, year=1996,
title={Mod\'elisation \'ecologique de la perception musicale:
puissance et limitation}, booktitle={{Symposium Composition,
Mod\'elisation et Ordinateur}}, editor={J.-B. Barri\`ere},
publisher={IRCAM}, _pages={3-18}, address={Paris}}

@misc{Leman:96e, author={M. Leman}, year=1996, title={The
convergence paradigm and cognitive science research in music},
note={{International Symposium on Regulation of Creative Processes
in Music, Berlin}}}

%%%%%%%%%%%%%%%%%%%%%%%%% %%%%1997
%ARTICLES

@article{Leman:97a, author = {M. Leman}, year = {1997}, title =
{The convergence paradigm, ecological modelling and
context-dependent pitch perception}, journal = {Journal of New
Music Research}, volume = {26}, number = {2}, pages={133-153}}

@article{Leman:97c, author = {M. Leman}, year = {1997}, title =
{Introduction to Foundations of Pitch and Timbre Perceptions},
journal = {Journal of New Music Research}, volume = {26}, number =
{2}}


%INPROCEEDINGS

@inproceedings{Leman:97d, author={M. Leman}, year=1997,
title={Introduction to Foundations of Neuromusicology},
booktitle={{Proceedings of the Third Meeting of the NFWO Research
Society on Foundations of Music Research}}, editor={M. Leman},
publisher={IPEM -- Ghent University}, pages={1},
address={Ghent}}


%MISCELANEOUS

@misc{Leman:97i, author = {M. Leman}, year = {1997}, title =
{Kritische analyse van het postmodernisme vanuit
muzieksociologisch oogpunt}, journal = {Vlaanderen}, _volume={},
number={268}}

@misc{Leman:97e, author={M.
Leman},year=1997,title={Interdisciplinarity -- A Challenge to
Musicology?}, note={IMS-97 Study Session 33 on Implications for
Mainstream Musicology of Recent Research in Music
Cognition},address={London, 14-20 august 1996}}


%INCOLLECTION

@incollection{LemanCarreras:97,author = {M. Leman and F.
Carreras},year = {1997},title = {Schema and {G}estalt: Testing the
Hypothesis of Psychoneural Isomorphism by Computer
Simulation},editor = {M. Leman},booktitle = {Music, {G}estalt, and
Computing - Studies in Cognitive and Systematic
Musicology},address = {Berlin, Heidelberg},publisher =
{Springer-Verlag},_note={ISBN 3-540-63526-2},pages={144-168}}

@incollection{Leman:97f,author = {M. Leman},year = {1997},title =
{Introduction to Music, {G}estalt, and Computing},editor = {M.
Leman},booktitle = {Music, {G}estalt, and Computing - Studies in
Cognitive and Systematic Musicology},address = {Berlin,
Heidelberg},publisher = {Springer-Verlag},note={ISBN
3-540-63526-2},pages={1-9}}

@book{LemanEd:97,editor = {M. Leman},year = {1997},title = {Music,
{G}estalt, and Computing - Studies in Cognitive and Systematic
Musicology},address = {Berlin, Heidelberg},publisher =
{Springer-Verlag},_note={ISBN 3-540-63526-2},pages={523}}


@book{Leman:97b, editor={M. Leman}, title={Foundations of Pitch
and Timbre Perception}, note={Special issue of {Journal of New
Music Research}, Vol. 26, nr. 2}, publisher={Swets \& Zeitlinger},
year={1997}, address={Lisse, The Netherlands}, note={ISSN
0929-8215}}

@incollection{LemanSchneider:97,author = {M. Leman and A.
Schneider},year = {1997},title = {Origin and Nature of Cognitive
and Systematic Musicology: An Introduction},editor = {M.
Leman},booktitle = {Music, {G}estalt, and Computing - Studies in
Cognitive and Systematic Musicology},address = {Berlin,
Heidelberg},publisher = {Springer-Verlag},_note={ISBN
3-540-63526-2},pages={13-29}}

@incollection{CamurriLeman:97b,author={Antonio Camurri and Marc
Leman}, title={{G}estalt-based Composition and Performance in
Multimodal Environments},year={1997},editor = {M. Leman},booktitle
= {Music, {G}estalt, and Computing - Studies in Cognitive and
Systematic Musicology},address = {Berlin, Heidelberg},publisher =
{Springer-Verlag},note={ISBN 3-540-63526-2},pages={495-508}}

@incollection{CamurriLeman:97a, author={A. Camurri and M. Leman},
year = {1997}, title = {{AI}-Based Music Signal Applications},
editor={C. Roads and G. {De Poli} and S. Pope and A. Piccialli},
booktitle={Musical Signal Processing}, address={Lisse, The
Netherlands}, publisher={Swets \& Zeitlinger},note={ISBN
90-265-1482-4}}



%%1998%% % %

%BOOK

@book{book:Leman:1998, author={M. Leman}, year={1998}, title={Muziekwetenschap:
Akoestische en Sonologische Grondslagen}, address = {Leuven}, publisher={Acco},
note={108 pp. (ISBN 90 334 4252 3)}}

%EDITOR

@book{book:LemanEd:1998a,editor={M. Leman},year={1998},title={{Proceedings of
the Fourth Meeting of the FWO Research Society on Foundations of Music Research
-- Time-Frequency Techniques and Music (20 maart 1998)}}, publisher={Dept. of
Musicology -- IPEM},address={Ghent},_note={}}

@book{book:LemanEd:1998b,editor={M. Leman},year={1998},title={{Proceedings of
the Fifth Meeting of the FWO Research Society on Foundations of Music Research
-- Authentic Music Performance and Variable Acoustics (15 mei 1998)}},
publisher={Dept. of Musicology -- IPEM},address={Ghent},_note={}}

@book{book:LemanEd:1998c,editor={M. Leman},year={1998},title={{Proceedings of
the Sixth Meeting of the FWO Research Society on Foundations of Music Research
-- Inharmonic Musical Sounds, Consonance and Pitch (28 october 1998)}},
publisher={Dept. of Musicology -- IPEM},address={Ghent},_note={}}

@book{book:LemanEd:1998d,editor={M. Leman},year={1998},title={{Proceedings of
the Seventh Meeting of the FWO Research Society on Foundations of Music
Research -- Music, Dynamical Systems and Pattern Matching (9 december 1998)}},
publisher={Dept. of Musicology -- IPEM},address={Ghent},_note={}}

%IN PROCEEDINGS

@inproceedings{inproceedings:Leman:1998a, author={M. Leman}, year = {1998},
title = {Exploring the {FFT} in a sonological analysis of {D}umery bells of the
Carillon at {B}rugge},editor={M. Leman}, booktitle={{Proceedings of the Fourth
Meeting of the FWO Research Society on Foundations of Music Research --
Time-Frequency Techniques and Music}}, pages={1-11},publisher={Dept. of
Musicology -- IPEM},address={Ghent},_note={}}

@inproceedings{inproceedings:CarrerasLemanPetrolino:1998a, author={F. Carreras
and M. Leman and D. Petrolino}, year={1998}, title={Extraction of Music
Harmonic Information Using Schema--Based Decomposition},
booktitle={{Proceedings of the XII Colloquium on Musical Informatics}},
editor={A. Argentini and C. Mirolo}, publisher={Grafica Goriziana},
pages={115-118}, address={Gorizia}}

@inproceedings{inproceedings:CarrerasLemanPetrolino:1998b, author={F.Carreras
and M.Leman and D.Petrolino}, year={1998},title={Decomposition as a
perceptual--cognitive category: {A}uditory modeling of chordal decomposition of
music}, editor={M. {Olivetti Belardinelli}}, booktitle={{ESCOM Symposium on
Musical Cognition and Behavior, 28-30 May 1998}}, publisher={University of
Rome, La Sapienza}, address={Rome}}

@inproceedings{inproceedings:CarrerasLeman:1998c, author={F.Carreras,
M.Leman},year={1998}, title={Schema-based decomposition for chord recognition
in musical signals}, editor={M. Leman}, booktitle={{Proceedings of the Seventh
Meeting of the FWO Research Society on Foundations of Music Research -- Music,
Dynamical Systems and Pattern Matching}}, pages={19pp.},publisher={Dept. of
Musicology -- IPEM},address={Ghent},_note={}}


% %%1999%% % % % %EDITOR

@book{specialissueNeuromusicology:TervaniemiLemanEds:1999, editor = {M.
Tervaniemi and M. Leman}, year = {1999}, title = {Cognitive Neuromusicology},
address = {Lisse, The Netherlands}, note={Special issue of \emph{Journal of New
Music Research}}, publisher={Swets \& Zeitlinger}}




%INCOLLECTION

@incollection{incollection:LaskeBook:Leman:1999, author={M. Leman}, year =
{1999}, title = {Adequacy criteria and models of musical cognition},
editor={J.N. Tabor}, booktitle={Otto Laske: Navigating new musical horizons},
address={Westport, CT}, publisher={Greenwood Publ. Comp.},pages = {93-120},
_note_={ISBN 0-313-30632-X}}

@incollection{incollection:Leman:1999b, author={M. Leman}, year = {1999}, title
= {Music Creativity}, editor= {M.A. Runco and S. Pritzker}, booktitle =
{Encyclopedia of creativity}, address = {San Diego, CA}, publisher = {Academic
Press}}

%ABSTRACT

@misc{abstract:Oslo:Leman:1999, author={M. Leman}, year = {1999}, title =
{Auditory-Based Images of Sensory Dissonance}, editor={R.I. Godoy},
booktitle={Conference on Musical Imagery {CMI-99} -- VI. International
Conference on Systematic and Comparative Musicology}, address={University of
Oslo}, publisher={Dept. of Music and Theatre}}



%INPROCEEDINGS


%INPROCEEDINGS
@incollection{inproceedings:TonalInduction:Leman:1999, author={M. Leman}, year
= {1999}, title = {An integrated time-based model of sensory dissonance, tone
completion and cognitive schemata}, editor={M. Leman and P. Vos},
booktitle={Tonal Induction}, address={Gent, Nijmegen}, publisher={Univ.~Gent \&
Univ.~Nijmegen},note={in press}}

@inproceedings{inproceedings:LemanTangheMoelantsCarreras:1999, author={M. Leman and K. Tanghe and D. Moelants
and F. Carreras},year={1999}, title={Analysis of Music using Timing Networks with Memory: Implementation and
Preliminary Results}, editor={M. Leman}, booktitle={{Proceedings of the
Tenth Meeting of the FWO Research Society on Foundations of Music Research -- Music and Timing Networks}},
pages={7pp.},publisher={Dept. of Musicology -- IPEM},address={Ghent},_note={}}


%ARTICLE

@article{articleNeuromusicology:Leman:1999, author={M. Leman}, year = {1999},
title = {Relevance of cognitive neuromusicology for music research},
journal={Journal of New Music Research}, volume={28}, number={3},
publisher={Swets \& Zeitlinger}}

@article{article:CarrerasLemanLesaffre:1999,author = {F. Carrerasarticle:CarrerasLemanLesaffre:1999 and M. Leman
and M. Lesaffre},year = {1999},title = {Automatic Description of Musical
Signals Using Schema-Based Chord Decomposition}, journal={JNMR},
note={submitted}}

@article{article:LemanSethares:1999,author = {M. Leman and W. Sethares},year =
{1999},title = {A time-domain model of sensory dissonance}, journal={JASA},
note={submitted}}

@article{article:LemanSchneider:1999,author = {M. Leman and A. Schneider},year
= {1999},title = {Sonological analysis of Dumery Carillon Bells}}

%INCOLLECTION

@incollection{incollection:Semiotics:Leman:1999c, author={M. Leman}, year =
{1999}, title = {Naturalistic approaches to musical semiotics and the study of
causal musical signification}, editor={I. Zannos}, booktitle={Music and Signs
-- Semiotic and Cognitive Studies in Music}, address={Bratislava},
publisher={ASKO Art \& Science}, pages={11-38},_note_={ISBN 80-88829-15-4}}





%%%%%%%%%%%%%%%%%%%%% %%%2000

%ARTICLES

@article{article:Leman:2000, author={M. Leman}, year = {2000}, title = {Lucien
Goethals als Meta-Modernist  of het Drama van de Avant-Garde in het Tijdperk
van het Postmodernisme (Een Muzieksociologische Studie)},journal={Belgisch
Tijdschrift voor Muziekwetenschap}, _editor={H. Sabbe}, _booktitle={Lucien
{G}oethals},_address={Brussel},note={in press}}.



@article{article:MusicPerception:Leman:2000, author={M. Leman}, year = {2000},
title = {An Auditory Model of the Role of Short-Term Memory in Probe-Tone
Ratings},journal={Music Perception},volume={17},number={4},pages={481-509}, _editor={},
_booktitle={},_address={}}


@article{article:JNMR:LemanVerbeke:2000, author={M. Leman and B. Verbeke}, year = {2000},
title = {Minimal 'energy' change ({MEC}) for recognition of repetitive
rhythmic patterns in acoustical musical signals},journal={Journal of New Music Research}, _editor={},
_booktitle={},_address={},note={submitted}}

@article{article:Leman:2000, author={M. Leman}, year = {2000},
title = {Kritische analyse van het postmodernisme vanuit muzieksociologisch oogpunt},
journal={Vlaanderen}, pages={336-345}, number = {5}, volume = {49} }



%INPROCEEDINGS
@incollection{inproceedings:Leman:DAFx:2000,
  author  =      {M. Leman},
  title =        {Visualization and Calculation of the Roughness
  of Acoustical Musical Signals Using the Synchronization Index Model ({SIM})},
  pages =        {},
  publisher =    {University of Verona},
  address = {Verona, Italy},
  year =         {2000},
  editor = {D. Rochesso},
  booktitle = {{Proceedings of the COST G-6 Conference on Digital Audio Effects (DAFX-00), December 7-9}}
}


@incollection{inproceedings:Leman:Ieper:2000,
  author  =      {M. Leman},
  title =        {Spatio-temporal processing of musical texture, pitch/tonality, and rhythm},
  pages =        {pp. 19-35},
  publisher =    {Cele-Twente},
  address = {Ieper, Belgium},
  year =         {2000},
  editor = {K. Jokinen and D. Heylen and A. Nijholt},
  booktitle = {{Proceedings of the workshop on Internalising Knowledge, Ieper 22-24 november}}
}

@incollection{inproceedings:LemanVerbeke:Ieper:2000,
  author  =      {M. Leman and B. Verbeke},
  title =        {The Concept of
Minimal 'Energy' Change (MEC) in relation to Fourier Transform,
Auto-Correlation, Wavelets, AMDF, and brain-like timing networks
--\\Application to the Recognition of Repetitive Rhythmical
Patterns in Acoustical Musical Signals},
  pages =        {pp. 191-200},
  publisher =    {Cele-Twente},
  address = {Ieper, Belgium},
  year =         {2000},
  editor = {K. Jokinen and D. Heylen and A. Nijholt},
  booktitle = {{Proceedings of the workshop on Internalising Knowledge, Ieper 22-24 november}}
}

%INBOOK,INCOLLECTION

%BOOK
@book{book:TonalInduction:LemanVos:2000,editor={P.
Vos and M. Leman},year={2000},title={{Tonality Induction}}, publisher={University of California Press},
address={Berkeley, CA}, note={Special Issue of the journal \emph{Music Perception}}}







%%%%%%%%%%%%%%%%%%%%% %%%2001

%ARTICLES
@article{Leman:2001, author={M. Leman}, year = {2001},
title = {Muziek voor een vernieuwde {E}uropese cultuur --
Een kritische kijk op het postmodernisme},
journal={Reflexie - de Personeelskrant van de Hogeschool Gent},
_volume={ },number={26},pages={2}, _editor={},
_booktitle={},_address={}}

@inproceedings{Leman:FWO12:2001,
author={M. Leman}, year = {2001},
title = {Formalizing the Logics of Musical Coherence in a Perception-Based Framework},
editor={M. Leman},
booktitle={{Proceedings of the
Twelfth Meeting of the FWO Research Society on Foundations of Music Research -- Music and Logics}},
pages={ },publisher={Dept. of Musicology -- IPEM},address={Ghent},note={19 jan 2001}}


@article{article:Beiaard:Leman:2001, author={M. Leman}, year = {2001},
title = {De dynamische structuur van een klokkenklank -- \\
Een bijdrage tot de discussie over de kwaliteit van klokken
vanuit het perspectief van de sonologie en het perceptief
modelleren},
journal={??????????},note={in press}}

%BOOK
@BOOK{book:toolbox:LemanLesaffreTanghe:2001,
  author =       "M. Leman and M. Lesaffre and K. Tanghe",
  title =        "A Toolbox for Perception-Based Music Analysis (manuscript)",
  publisher =    "{IPEM} - Dept.~of Musicology, Ghent University",
  year =         "2001",
  address =      "Ghent"
}
@BOOK{book:akko:Leman:2001,
  author =       "M. Leman",
  title =        "De klankwereld van muziek --  Inleiding tot de akoestische en sonologische grondslagen van de
 muziek",
  publisher =    "Akko",
  year =         "2001",
  note = "in press",
  address =      "Leuven"
}





%INCOLLECTION
@incollection{inbook:Imagery:Leman:2001,
  author =       "M. Leman",
  title =        "Modeling Musical Imagery in a Framework of Perceptually Constrained Spatio-Temporal
Representations",
  editor =       "R.I. God{/o}y",
  booktitle =        "Musical Imagery",
  publisher =    "Swets \& Zeitlinger",
  address =      "Lisse, The Netherlands",
  year =         "2001",
  pages =        ""
}
@incollection{inbook:MusicalLogics:Leman:2000,
  author =       "M. Leman",
  title =        "Expressing coherence of musical perception in formal logic",
  editor =       "G. Assayah",
  booktitle =        "Music and Mathematics (provisional). {Proceedings Forum DIDEROT - IRCAM}",
  publisher =    "Springer Verlag",
  address =      "Berlin, Heidelberg",
  year =         "in press",
  pages =        ""
}
